%YAML 1.1
%TAG !u! tag:unity3d.com,2011:
--- !u!29 &1
OcclusionCullingSettings:
  m_ObjectHideFlags: 0
  serializedVersion: 2
  m_OcclusionBakeSettings:
    smallestOccluder: 5
    smallestHole: 0.25
    backfaceThreshold: 100
  m_SceneGUID: 00000000000000000000000000000000
  m_OcclusionCullingData: {fileID: 0}
--- !u!104 &2
RenderSettings:
  m_ObjectHideFlags: 0
  serializedVersion: 8
  m_Fog: 0
  m_FogColor: {r: 0.5, g: 0.5, b: 0.5, a: 1}
  m_FogMode: 3
  m_FogDensity: 0.01
  m_LinearFogStart: 0
  m_LinearFogEnd: 300
  m_AmbientSkyColor: {r: 0.212, g: 0.227, b: 0.259, a: 1}
  m_AmbientEquatorColor: {r: 0.114, g: 0.125, b: 0.133, a: 1}
  m_AmbientGroundColor: {r: 0.047, g: 0.043, b: 0.035, a: 1}
  m_AmbientIntensity: 1
  m_AmbientMode: 0
  m_SubtractiveShadowColor: {r: 0.42, g: 0.478, b: 0.627, a: 1}
  m_SkyboxMaterial: {fileID: 10304, guid: 0000000000000000f000000000000000, type: 0}
  m_HaloStrength: 0.5
  m_FlareStrength: 1
  m_FlareFadeSpeed: 3
  m_HaloTexture: {fileID: 0}
  m_SpotCookie: {fileID: 10001, guid: 0000000000000000e000000000000000, type: 0}
  m_DefaultReflectionMode: 0
  m_DefaultReflectionResolution: 128
  m_ReflectionBounces: 1
  m_ReflectionIntensity: 1
  m_CustomReflection: {fileID: 0}
  m_Sun: {fileID: 0}
  m_IndirectSpecularColor: {r: 0, g: 0, b: 0, a: 1}
--- !u!157 &3
LightmapSettings:
  m_ObjectHideFlags: 0
  serializedVersion: 9
  m_GIWorkflowMode: 1
  m_GISettings:
    serializedVersion: 2
    m_BounceScale: 1
    m_IndirectOutputScale: 1
    m_AlbedoBoost: 1
    m_TemporalCoherenceThreshold: 1
    m_EnvironmentLightingMode: 0
    m_EnableBakedLightmaps: 1
    m_EnableRealtimeLightmaps: 1
  m_LightmapEditorSettings:
    serializedVersion: 8
    m_Resolution: 2
    m_BakeResolution: 40
    m_TextureWidth: 1024
    m_TextureHeight: 1024
    m_AO: 0
    m_AOMaxDistance: 1
    m_CompAOExponent: 1
    m_CompAOExponentDirect: 0
    m_Padding: 2
    m_LightmapParameters: {fileID: 0}
    m_LightmapsBakeMode: 1
    m_TextureCompression: 1
    m_FinalGather: 0
    m_FinalGatherFiltering: 1
    m_FinalGatherRayCount: 256
    m_ReflectionCompression: 2
    m_MixedBakeMode: 3
    m_BakeBackend: 0
    m_PVRSampling: 1
    m_PVRDirectSampleCount: 32
    m_PVRSampleCount: 500
    m_PVRBounces: 2
    m_PVRFiltering: 0
    m_PVRFilteringMode: 1
    m_PVRCulling: 1
    m_PVRFilteringGaussRadiusDirect: 1
    m_PVRFilteringGaussRadiusIndirect: 5
    m_PVRFilteringGaussRadiusAO: 2
    m_PVRFilteringAtrousColorSigma: 1
    m_PVRFilteringAtrousNormalSigma: 1
    m_PVRFilteringAtrousPositionSigma: 1
  m_LightingDataAsset: {fileID: 0}
  m_ShadowMaskMode: 2
--- !u!196 &4
NavMeshSettings:
  serializedVersion: 2
  m_ObjectHideFlags: 0
  m_BuildSettings:
    serializedVersion: 2
    agentTypeID: 0
    agentRadius: 0.3
    agentHeight: 2
    agentSlope: 45
    agentClimb: 0.4
    ledgeDropHeight: 0
    maxJumpAcrossDistance: 0
    minRegionArea: 2
    manualCellSize: 0
    cellSize: 0.1
    manualTileSize: 0
    tileSize: 256
    accuratePlacement: 0
  m_NavMeshData: {fileID: 23800000, guid: e459ab115e6e4164a95f4ce9047ca5cf, type: 2}
--- !u!1 &3679199
GameObject:
  m_ObjectHideFlags: 0
  m_PrefabParentObject: {fileID: 1429954554604420, guid: eb5752064482b431cb759b44460fc776,
    type: 2}
  m_PrefabInternal: {fileID: 0}
  serializedVersion: 5
  m_Component:
  - component: {fileID: 3679200}
  - component: {fileID: 3679201}
  m_Layer: 0
  m_Name: CheckpointManager
  m_TagString: Untagged
  m_Icon: {fileID: 0}
  m_NavMeshLayer: 0
  m_StaticEditorFlags: 0
  m_IsActive: 1
--- !u!4 &3679200
Transform:
  m_ObjectHideFlags: 0
  m_PrefabParentObject: {fileID: 4156822778250142, guid: eb5752064482b431cb759b44460fc776,
    type: 2}
  m_PrefabInternal: {fileID: 0}
  m_GameObject: {fileID: 3679199}
  m_LocalRotation: {x: -0, y: -0, z: -0, w: 1}
  m_LocalPosition: {x: 0, y: 0, z: 0}
  m_LocalScale: {x: 1, y: 1, z: 1}
  m_Children: []
  m_Father: {fileID: 0}
  m_RootOrder: 2
  m_LocalEulerAnglesHint: {x: 0, y: 0, z: 0}
--- !u!114 &3679201
MonoBehaviour:
  m_ObjectHideFlags: 0
  m_PrefabParentObject: {fileID: 114227255301184332, guid: eb5752064482b431cb759b44460fc776,
    type: 2}
  m_PrefabInternal: {fileID: 0}
  m_GameObject: {fileID: 3679199}
  m_Enabled: 1
  m_EditorHideFlags: 0
  m_Script: {fileID: 11500000, guid: 6ce9c3e0311ce4e3d8a7f8d21f84e475, type: 3}
  m_Name: 
  m_EditorClassIdentifier: 
--- !u!1 &215688212
GameObject:
  m_ObjectHideFlags: 0
  m_PrefabParentObject: {fileID: 1235182907646852, guid: eb5752064482b431cb759b44460fc776,
    type: 2}
  m_PrefabInternal: {fileID: 0}
  serializedVersion: 5
  m_Component:
  - component: {fileID: 215688213}
  m_Layer: 12
  m_Name: Floors
  m_TagString: LevelStructure
  m_Icon: {fileID: 0}
  m_NavMeshLayer: 0
  m_StaticEditorFlags: 4294967295
  m_IsActive: 1
--- !u!4 &215688213
Transform:
  m_ObjectHideFlags: 0
  m_PrefabParentObject: {fileID: 4298092838527940, guid: eb5752064482b431cb759b44460fc776,
    type: 2}
  m_PrefabInternal: {fileID: 0}
  m_GameObject: {fileID: 215688212}
  m_LocalRotation: {x: -0, y: -0, z: -0, w: 1}
  m_LocalPosition: {x: 0, y: 0, z: 0}
  m_LocalScale: {x: 1, y: 1, z: 1}
  m_Children: []
  m_Father: {fileID: 2049554084}
  m_RootOrder: 3
  m_LocalEulerAnglesHint: {x: 0, y: 0, z: 0}
--- !u!1 &220613911 stripped
GameObject:
  m_PrefabParentObject: {fileID: 1844553023894574, guid: bcdfc8a9b834b0b4ab51a8172647cf41,
    type: 2}
  m_PrefabInternal: {fileID: 1788395554}
--- !u!4 &358873233 stripped
Transform:
  m_PrefabParentObject: {fileID: 4015720240731182, guid: f80ce74339ca64aef978c23631d30536,
    type: 2}
  m_PrefabInternal: {fileID: 975331901}
--- !u!1001 &361944193
Prefab:
  m_ObjectHideFlags: 0
  serializedVersion: 2
  m_Modification:
    m_TransformParent: {fileID: 0}
    m_Modifications:
    - target: {fileID: 4732355906286954, guid: 09fcd274344bdf2418f9d1962be32626, type: 2}
      propertyPath: m_LocalPosition.x
      value: 0
      objectReference: {fileID: 0}
    - target: {fileID: 4732355906286954, guid: 09fcd274344bdf2418f9d1962be32626, type: 2}
      propertyPath: m_LocalPosition.y
      value: 0
      objectReference: {fileID: 0}
    - target: {fileID: 4732355906286954, guid: 09fcd274344bdf2418f9d1962be32626, type: 2}
      propertyPath: m_LocalPosition.z
      value: 0
      objectReference: {fileID: 0}
    - target: {fileID: 4732355906286954, guid: 09fcd274344bdf2418f9d1962be32626, type: 2}
      propertyPath: m_LocalRotation.x
      value: 0
      objectReference: {fileID: 0}
    - target: {fileID: 4732355906286954, guid: 09fcd274344bdf2418f9d1962be32626, type: 2}
      propertyPath: m_LocalRotation.y
      value: 0
      objectReference: {fileID: 0}
    - target: {fileID: 4732355906286954, guid: 09fcd274344bdf2418f9d1962be32626, type: 2}
      propertyPath: m_LocalRotation.z
      value: 0
      objectReference: {fileID: 0}
    - target: {fileID: 4732355906286954, guid: 09fcd274344bdf2418f9d1962be32626, type: 2}
      propertyPath: m_LocalRotation.w
      value: 1
      objectReference: {fileID: 0}
    - target: {fileID: 4732355906286954, guid: 09fcd274344bdf2418f9d1962be32626, type: 2}
      propertyPath: m_RootOrder
      value: 8
      objectReference: {fileID: 0}
    - target: {fileID: 1785798119564408, guid: 09fcd274344bdf2418f9d1962be32626, type: 2}
      propertyPath: m_IsActive
      value: 1
      objectReference: {fileID: 0}
    m_RemovedComponents: []
  m_ParentPrefab: {fileID: 100100000, guid: 09fcd274344bdf2418f9d1962be32626, type: 2}
  m_IsPrefabParent: 0
--- !u!1 &361944194 stripped
GameObject:
  m_PrefabParentObject: {fileID: 1785798119564408, guid: 09fcd274344bdf2418f9d1962be32626,
    type: 2}
  m_PrefabInternal: {fileID: 361944193}
--- !u!4 &491596123 stripped
Transform:
  m_PrefabParentObject: {fileID: 4419547110216070, guid: 3bf61b91e9b114c0e807a00ab461d798,
    type: 2}
  m_PrefabInternal: {fileID: 891657660}
--- !u!1001 &542073305
Prefab:
  m_ObjectHideFlags: 0
  serializedVersion: 2
  m_Modification:
    m_TransformParent: {fileID: 1313779921}
    m_Modifications:
    - target: {fileID: 4615412471446582, guid: 47e4349ef9dc4424b90470e98fadda3e, type: 2}
      propertyPath: m_LocalPosition.x
      value: 0.0897
      objectReference: {fileID: 0}
    - target: {fileID: 4615412471446582, guid: 47e4349ef9dc4424b90470e98fadda3e, type: 2}
      propertyPath: m_LocalPosition.y
      value: -0.013300002
      objectReference: {fileID: 0}
    - target: {fileID: 4615412471446582, guid: 47e4349ef9dc4424b90470e98fadda3e, type: 2}
      propertyPath: m_LocalPosition.z
      value: 0.44000018
      objectReference: {fileID: 0}
    - target: {fileID: 4615412471446582, guid: 47e4349ef9dc4424b90470e98fadda3e, type: 2}
      propertyPath: m_LocalRotation.x
      value: -0.5
      objectReference: {fileID: 0}
    - target: {fileID: 4615412471446582, guid: 47e4349ef9dc4424b90470e98fadda3e, type: 2}
      propertyPath: m_LocalRotation.y
      value: -0.5
      objectReference: {fileID: 0}
    - target: {fileID: 4615412471446582, guid: 47e4349ef9dc4424b90470e98fadda3e, type: 2}
      propertyPath: m_LocalRotation.z
      value: 0.5
      objectReference: {fileID: 0}
    - target: {fileID: 4615412471446582, guid: 47e4349ef9dc4424b90470e98fadda3e, type: 2}
      propertyPath: m_LocalRotation.w
      value: 0.5
      objectReference: {fileID: 0}
    - target: {fileID: 4615412471446582, guid: 47e4349ef9dc4424b90470e98fadda3e, type: 2}
      propertyPath: m_RootOrder
      value: 0
      objectReference: {fileID: 0}
    - target: {fileID: 4615412471446582, guid: 47e4349ef9dc4424b90470e98fadda3e, type: 2}
      propertyPath: m_LocalEulerAnglesHint.y
      value: -90
      objectReference: {fileID: 0}
    - target: {fileID: 4615412471446582, guid: 47e4349ef9dc4424b90470e98fadda3e, type: 2}
      propertyPath: m_LocalScale.x
      value: 0.010000004
      objectReference: {fileID: 0}
    - target: {fileID: 4615412471446582, guid: 47e4349ef9dc4424b90470e98fadda3e, type: 2}
      propertyPath: m_LocalScale.y
      value: 1
      objectReference: {fileID: 0}
    - target: {fileID: 4615412471446582, guid: 47e4349ef9dc4424b90470e98fadda3e, type: 2}
      propertyPath: m_LocalScale.z
      value: 0.0100000035
      objectReference: {fileID: 0}
    m_RemovedComponents: []
  m_ParentPrefab: {fileID: 100100000, guid: 47e4349ef9dc4424b90470e98fadda3e, type: 2}
  m_IsPrefabParent: 0
--- !u!4 &542073306 stripped
Transform:
  m_PrefabParentObject: {fileID: 4615412471446582, guid: 47e4349ef9dc4424b90470e98fadda3e,
    type: 2}
  m_PrefabInternal: {fileID: 542073305}
--- !u!1 &543328372
GameObject:
  m_ObjectHideFlags: 0
  m_PrefabParentObject: {fileID: 0}
  m_PrefabInternal: {fileID: 0}
  serializedVersion: 5
  m_Component:
  - component: {fileID: 543328373}
  m_Layer: 0
  m_Name: Tutorial
  m_TagString: Untagged
  m_Icon: {fileID: 0}
  m_NavMeshLayer: 0
  m_StaticEditorFlags: 0
  m_IsActive: 1
--- !u!4 &543328373
Transform:
  m_ObjectHideFlags: 0
  m_PrefabParentObject: {fileID: 0}
  m_PrefabInternal: {fileID: 0}
  m_GameObject: {fileID: 543328372}
  m_LocalRotation: {x: 0, y: 0, z: 0, w: 1}
  m_LocalPosition: {x: 7.0944357, y: 0.7505059, z: 0.42103577}
  m_LocalScale: {x: 1, y: 1, z: 1}
  m_Children:
  - {fileID: 1655359709}
  - {fileID: 1388323225}
  - {fileID: 749045916}
  - {fileID: 1696696853}
  m_Father: {fileID: 0}
  m_RootOrder: 5
  m_LocalEulerAnglesHint: {x: 0, y: 0, z: 0}
--- !u!1001 &586314324
Prefab:
  m_ObjectHideFlags: 0
  serializedVersion: 2
  m_Modification:
    m_TransformParent: {fileID: 1409968060}
    m_Modifications:
    - target: {fileID: 4745832461577364, guid: affbfcd319a134e26a33fa4b08d43ef0, type: 2}
      propertyPath: m_LocalPosition.x
      value: -0.33072633
      objectReference: {fileID: 0}
    - target: {fileID: 4745832461577364, guid: affbfcd319a134e26a33fa4b08d43ef0, type: 2}
      propertyPath: m_LocalPosition.y
      value: -1.290921
      objectReference: {fileID: 0}
    - target: {fileID: 4745832461577364, guid: affbfcd319a134e26a33fa4b08d43ef0, type: 2}
      propertyPath: m_LocalPosition.z
      value: -6.1341534
      objectReference: {fileID: 0}
    - target: {fileID: 4745832461577364, guid: affbfcd319a134e26a33fa4b08d43ef0, type: 2}
      propertyPath: m_LocalRotation.x
      value: -0
      objectReference: {fileID: 0}
    - target: {fileID: 4745832461577364, guid: affbfcd319a134e26a33fa4b08d43ef0, type: 2}
      propertyPath: m_LocalRotation.y
      value: -0
      objectReference: {fileID: 0}
    - target: {fileID: 4745832461577364, guid: affbfcd319a134e26a33fa4b08d43ef0, type: 2}
      propertyPath: m_LocalRotation.z
      value: -0
      objectReference: {fileID: 0}
    - target: {fileID: 4745832461577364, guid: affbfcd319a134e26a33fa4b08d43ef0, type: 2}
      propertyPath: m_LocalRotation.w
      value: 1
      objectReference: {fileID: 0}
    - target: {fileID: 4745832461577364, guid: affbfcd319a134e26a33fa4b08d43ef0, type: 2}
      propertyPath: m_RootOrder
      value: 0
      objectReference: {fileID: 0}
    m_RemovedComponents: []
  m_ParentPrefab: {fileID: 100100000, guid: affbfcd319a134e26a33fa4b08d43ef0, type: 2}
  m_IsPrefabParent: 0
--- !u!4 &586314325 stripped
Transform:
  m_PrefabParentObject: {fileID: 4745832461577364, guid: affbfcd319a134e26a33fa4b08d43ef0,
    type: 2}
  m_PrefabInternal: {fileID: 586314324}
--- !u!1 &620651306 stripped
GameObject:
  m_PrefabParentObject: {fileID: 1796538708179758, guid: 81a29dceeb56c68449810e281734bde4,
    type: 2}
  m_PrefabInternal: {fileID: 1777962665}
--- !u!1 &652241177
GameObject:
  m_ObjectHideFlags: 0
  m_PrefabParentObject: {fileID: 1507648116501436, guid: eb5752064482b431cb759b44460fc776,
    type: 2}
  m_PrefabInternal: {fileID: 0}
  serializedVersion: 5
  m_Component:
  - component: {fileID: 652241178}
  - component: {fileID: 652241179}
  - component: {fileID: 652241180}
  m_Layer: 0
  m_Name: CameraRig
  m_TagString: Untagged
  m_Icon: {fileID: 0}
  m_NavMeshLayer: 0
  m_StaticEditorFlags: 0
  m_IsActive: 1
--- !u!4 &652241178
Transform:
  m_ObjectHideFlags: 0
  m_PrefabParentObject: {fileID: 4990235605584042, guid: eb5752064482b431cb759b44460fc776,
    type: 2}
  m_PrefabInternal: {fileID: 0}
  m_GameObject: {fileID: 652241177}
  m_LocalRotation: {x: 0.5, y: -0, z: -0, w: 0.8660254}
  m_LocalPosition: {x: 0, y: -1, z: 0}
  m_LocalScale: {x: 1, y: 1, z: 1}
  m_Children:
  - {fileID: 1298971045}
  m_Father: {fileID: 0}
  m_RootOrder: 1
  m_LocalEulerAnglesHint: {x: 60, y: 0, z: 0}
--- !u!114 &652241179
MonoBehaviour:
  m_ObjectHideFlags: 0
  m_PrefabParentObject: {fileID: 114026569025071878, guid: eb5752064482b431cb759b44460fc776,
    type: 2}
  m_PrefabInternal: {fileID: 0}
  m_GameObject: {fileID: 652241177}
  m_Enabled: 1
  m_EditorHideFlags: 0
  m_Script: {fileID: 11500000, guid: 8ce4a20946ae15343ba4f4c2cbae6014, type: 3}
  m_Name: 
  m_EditorClassIdentifier: 
  dampTime: 0.2
  screenEdgeBuffer: 4
  minSize: 5
  maxSize: 10
  targets:
  - {fileID: 1196628366}
  - {fileID: 1022190393}
--- !u!82 &652241180
AudioSource:
  m_ObjectHideFlags: 0
  m_PrefabParentObject: {fileID: 0}
  m_PrefabInternal: {fileID: 0}
  m_GameObject: {fileID: 652241177}
  m_Enabled: 1
  serializedVersion: 4
  OutputAudioMixerGroup: {fileID: 0}
  m_audioClip: {fileID: 8300000, guid: 2beb855fedcc4fa42ab3b0caa1678924, type: 3}
  m_PlayOnAwake: 1
  m_Volume: 1
  m_Pitch: 1
  Loop: 1
  Mute: 0
  Spatialize: 0
  SpatializePostEffects: 0
  Priority: 128
  DopplerLevel: 1
  MinDistance: 1
  MaxDistance: 500
  Pan2D: 0
  rolloffMode: 0
  BypassEffects: 0
  BypassListenerEffects: 0
  BypassReverbZones: 0
  rolloffCustomCurve:
    serializedVersion: 2
    m_Curve:
    - serializedVersion: 2
      time: 0
      value: 1
      inSlope: 0
      outSlope: 0
      tangentMode: 0
    - serializedVersion: 2
      time: 1
      value: 0
      inSlope: 0
      outSlope: 0
      tangentMode: 0
    m_PreInfinity: 2
    m_PostInfinity: 2
    m_RotationOrder: 4
  panLevelCustomCurve:
    serializedVersion: 2
    m_Curve:
    - serializedVersion: 2
      time: 0
      value: 0
      inSlope: 0
      outSlope: 0
      tangentMode: 0
    m_PreInfinity: 2
    m_PostInfinity: 2
    m_RotationOrder: 0
  spreadCustomCurve:
    serializedVersion: 2
    m_Curve:
    - serializedVersion: 2
      time: 0
      value: 0
      inSlope: 0
      outSlope: 0
      tangentMode: 0
    m_PreInfinity: 2
    m_PostInfinity: 2
    m_RotationOrder: 4
  reverbZoneMixCustomCurve:
    serializedVersion: 2
    m_Curve:
    - serializedVersion: 2
      time: 0
      value: 1
      inSlope: 0
      outSlope: 0
      tangentMode: 0
    m_PreInfinity: 2
    m_PostInfinity: 2
    m_RotationOrder: 0
--- !u!1 &749045914
GameObject:
  m_ObjectHideFlags: 0
  m_PrefabParentObject: {fileID: 0}
  m_PrefabInternal: {fileID: 0}
  serializedVersion: 5
  m_Component:
  - component: {fileID: 749045916}
  - component: {fileID: 749045915}
  m_Layer: 0
  m_Name: CheatBattier
  m_TagString: Untagged
  m_Icon: {fileID: 0}
  m_NavMeshLayer: 0
  m_StaticEditorFlags: 0
  m_IsActive: 1
--- !u!65 &749045915
BoxCollider:
  m_ObjectHideFlags: 0
  m_PrefabParentObject: {fileID: 0}
  m_PrefabInternal: {fileID: 0}
  m_GameObject: {fileID: 749045914}
  m_Material: {fileID: 0}
  m_IsTrigger: 0
  m_Enabled: 1
  serializedVersion: 2
  m_Size: {x: 0.95, y: 7.3, z: 16.75}
  m_Center: {x: 0, y: 0, z: 0}
--- !u!4 &749045916
Transform:
  m_ObjectHideFlags: 0
  m_PrefabParentObject: {fileID: 0}
  m_PrefabInternal: {fileID: 0}
  m_GameObject: {fileID: 749045914}
  m_LocalRotation: {x: -0, y: -0, z: -0, w: 1}
  m_LocalPosition: {x: -1.5944357, y: 4.665494, z: -0.72570515}
  m_LocalScale: {x: 1, y: 1, z: 1}
  m_Children: []
  m_Father: {fileID: 543328373}
  m_RootOrder: 2
  m_LocalEulerAnglesHint: {x: 0, y: 0, z: 0}
--- !u!1 &858649029
GameObject:
  m_ObjectHideFlags: 0
  m_PrefabParentObject: {fileID: 0}
  m_PrefabInternal: {fileID: 0}
  serializedVersion: 5
  m_Component:
  - component: {fileID: 858649030}
  m_Layer: 0
  m_Name: BoxSpawner
  m_TagString: Untagged
  m_Icon: {fileID: 0}
  m_NavMeshLayer: 0
  m_StaticEditorFlags: 0
  m_IsActive: 1
--- !u!4 &858649030
Transform:
  m_ObjectHideFlags: 0
  m_PrefabParentObject: {fileID: 0}
  m_PrefabInternal: {fileID: 0}
  m_GameObject: {fileID: 858649029}
  m_LocalRotation: {x: 0, y: 0, z: 0, w: 1}
  m_LocalPosition: {x: 1.67, y: 2.03, z: -1.37}
  m_LocalScale: {x: 1, y: 1, z: 1}
  m_Children: []
  m_Father: {fileID: 1388323225}
  m_RootOrder: 1
  m_LocalEulerAnglesHint: {x: 0, y: 0, z: 0}
--- !u!1001 &891657660
Prefab:
  m_ObjectHideFlags: 0
  serializedVersion: 2
  m_Modification:
    m_TransformParent: {fileID: 1962419626}
    m_Modifications:
    - target: {fileID: 4419547110216070, guid: 3bf61b91e9b114c0e807a00ab461d798, type: 2}
      propertyPath: m_LocalPosition.x
      value: -3.6
      objectReference: {fileID: 0}
    - target: {fileID: 4419547110216070, guid: 3bf61b91e9b114c0e807a00ab461d798, type: 2}
      propertyPath: m_LocalPosition.y
      value: -0.45
      objectReference: {fileID: 0}
    - target: {fileID: 4419547110216070, guid: 3bf61b91e9b114c0e807a00ab461d798, type: 2}
      propertyPath: m_LocalPosition.z
      value: -2.7
      objectReference: {fileID: 0}
    - target: {fileID: 4419547110216070, guid: 3bf61b91e9b114c0e807a00ab461d798, type: 2}
      propertyPath: m_LocalRotation.x
      value: -0
      objectReference: {fileID: 0}
    - target: {fileID: 4419547110216070, guid: 3bf61b91e9b114c0e807a00ab461d798, type: 2}
      propertyPath: m_LocalRotation.y
      value: 0.7071068
      objectReference: {fileID: 0}
    - target: {fileID: 4419547110216070, guid: 3bf61b91e9b114c0e807a00ab461d798, type: 2}
      propertyPath: m_LocalRotation.z
      value: -0
      objectReference: {fileID: 0}
    - target: {fileID: 4419547110216070, guid: 3bf61b91e9b114c0e807a00ab461d798, type: 2}
      propertyPath: m_LocalRotation.w
      value: 0.7071068
      objectReference: {fileID: 0}
    - target: {fileID: 4419547110216070, guid: 3bf61b91e9b114c0e807a00ab461d798, type: 2}
      propertyPath: m_RootOrder
      value: 2
      objectReference: {fileID: 0}
    - target: {fileID: 4419547110216070, guid: 3bf61b91e9b114c0e807a00ab461d798, type: 2}
      propertyPath: m_LocalScale.x
      value: 1.0000005
      objectReference: {fileID: 0}
    - target: {fileID: 4419547110216070, guid: 3bf61b91e9b114c0e807a00ab461d798, type: 2}
      propertyPath: m_LocalScale.z
      value: 1.0000005
      objectReference: {fileID: 0}
    - target: {fileID: 1273763741794642, guid: 3bf61b91e9b114c0e807a00ab461d798, type: 2}
      propertyPath: m_StaticEditorFlags
      value: 4294967295
      objectReference: {fileID: 0}
    - target: {fileID: 1101679273565350, guid: 3bf61b91e9b114c0e807a00ab461d798, type: 2}
      propertyPath: m_StaticEditorFlags
      value: 4294967295
      objectReference: {fileID: 0}
    - target: {fileID: 1003953706423042, guid: 3bf61b91e9b114c0e807a00ab461d798, type: 2}
      propertyPath: m_StaticEditorFlags
      value: 4294967295
      objectReference: {fileID: 0}
    - target: {fileID: 1203058843874290, guid: 3bf61b91e9b114c0e807a00ab461d798, type: 2}
      propertyPath: m_StaticEditorFlags
      value: 4294967295
      objectReference: {fileID: 0}
    - target: {fileID: 1262603682321746, guid: 3bf61b91e9b114c0e807a00ab461d798, type: 2}
      propertyPath: m_StaticEditorFlags
      value: 4294967295
      objectReference: {fileID: 0}
    - target: {fileID: 1286116863593168, guid: 3bf61b91e9b114c0e807a00ab461d798, type: 2}
      propertyPath: m_StaticEditorFlags
      value: 4294967295
      objectReference: {fileID: 0}
    - target: {fileID: 1158860828907432, guid: 3bf61b91e9b114c0e807a00ab461d798, type: 2}
      propertyPath: m_StaticEditorFlags
      value: 4294967295
      objectReference: {fileID: 0}
    - target: {fileID: 1916866349682214, guid: 3bf61b91e9b114c0e807a00ab461d798, type: 2}
      propertyPath: m_StaticEditorFlags
      value: 4294967295
      objectReference: {fileID: 0}
    - target: {fileID: 1744710729421884, guid: 3bf61b91e9b114c0e807a00ab461d798, type: 2}
      propertyPath: m_StaticEditorFlags
      value: 4294967295
      objectReference: {fileID: 0}
    - target: {fileID: 1112094725929042, guid: 3bf61b91e9b114c0e807a00ab461d798, type: 2}
      propertyPath: m_StaticEditorFlags
      value: 4294967295
      objectReference: {fileID: 0}
    - target: {fileID: 1112094725929042, guid: 3bf61b91e9b114c0e807a00ab461d798, type: 2}
      propertyPath: m_Name
      value: Wall 3x3 x (1)
      objectReference: {fileID: 0}
    - target: {fileID: 4725855011678228, guid: 3bf61b91e9b114c0e807a00ab461d798, type: 2}
      propertyPath: m_RootOrder
      value: 1
      objectReference: {fileID: 0}
    - target: {fileID: 4903886962686990, guid: 3bf61b91e9b114c0e807a00ab461d798, type: 2}
      propertyPath: m_RootOrder
      value: 5
      objectReference: {fileID: 0}
    - target: {fileID: 4575115077915036, guid: 3bf61b91e9b114c0e807a00ab461d798, type: 2}
      propertyPath: m_RootOrder
      value: 4
      objectReference: {fileID: 0}
    - target: {fileID: 4122983953912028, guid: 3bf61b91e9b114c0e807a00ab461d798, type: 2}
      propertyPath: m_RootOrder
      value: 2
      objectReference: {fileID: 0}
    - target: {fileID: 4757380670326548, guid: 3bf61b91e9b114c0e807a00ab461d798, type: 2}
      propertyPath: m_RootOrder
      value: 3
      objectReference: {fileID: 0}
    m_RemovedComponents: []
  m_ParentPrefab: {fileID: 100100000, guid: 3bf61b91e9b114c0e807a00ab461d798, type: 2}
  m_IsPrefabParent: 0
--- !u!114 &925569593 stripped
MonoBehaviour:
  m_PrefabParentObject: {fileID: 114525915706226858, guid: 5463f77abbce7cf4e917c994258c38e6,
    type: 2}
  m_PrefabInternal: {fileID: 1282379600}
  m_Script: {fileID: -765806418, guid: f70555f144d8491a825f0804e09c671c, type: 3}
--- !u!65 &931247151 stripped
BoxCollider:
  m_PrefabParentObject: {fileID: 65249122867886252, guid: f80ce74339ca64aef978c23631d30536,
    type: 2}
  m_PrefabInternal: {fileID: 975331901}
--- !u!1001 &966347350
Prefab:
  m_ObjectHideFlags: 0
  serializedVersion: 2
  m_Modification:
    m_TransformParent: {fileID: 0}
    m_Modifications:
    - target: {fileID: 4858539833461574, guid: 2eaecbc0123174cfe844b8b24d7afdfd, type: 2}
      propertyPath: m_LocalPosition.x
      value: 512
      objectReference: {fileID: 0}
    - target: {fileID: 4858539833461574, guid: 2eaecbc0123174cfe844b8b24d7afdfd, type: 2}
      propertyPath: m_LocalPosition.y
      value: 337.024
      objectReference: {fileID: 0}
    - target: {fileID: 4858539833461574, guid: 2eaecbc0123174cfe844b8b24d7afdfd, type: 2}
      propertyPath: m_LocalPosition.z
      value: 0
      objectReference: {fileID: 0}
    - target: {fileID: 4858539833461574, guid: 2eaecbc0123174cfe844b8b24d7afdfd, type: 2}
      propertyPath: m_LocalRotation.x
      value: 0
      objectReference: {fileID: 0}
    - target: {fileID: 4858539833461574, guid: 2eaecbc0123174cfe844b8b24d7afdfd, type: 2}
      propertyPath: m_LocalRotation.y
      value: 0
      objectReference: {fileID: 0}
    - target: {fileID: 4858539833461574, guid: 2eaecbc0123174cfe844b8b24d7afdfd, type: 2}
      propertyPath: m_LocalRotation.z
      value: 0
      objectReference: {fileID: 0}
    - target: {fileID: 4858539833461574, guid: 2eaecbc0123174cfe844b8b24d7afdfd, type: 2}
      propertyPath: m_LocalRotation.w
      value: 1
      objectReference: {fileID: 0}
    - target: {fileID: 4858539833461574, guid: 2eaecbc0123174cfe844b8b24d7afdfd, type: 2}
      propertyPath: m_RootOrder
      value: 3
      objectReference: {fileID: 0}
    m_RemovedComponents: []
  m_ParentPrefab: {fileID: 100100000, guid: 2eaecbc0123174cfe844b8b24d7afdfd, type: 2}
  m_IsPrefabParent: 0
--- !u!1001 &975331901
Prefab:
  m_ObjectHideFlags: 0
  serializedVersion: 2
  m_Modification:
    m_TransformParent: {fileID: 2049554084}
    m_Modifications:
    - target: {fileID: 4015720240731182, guid: f80ce74339ca64aef978c23631d30536, type: 2}
      propertyPath: m_LocalPosition.x
      value: 10.54
      objectReference: {fileID: 0}
    - target: {fileID: 4015720240731182, guid: f80ce74339ca64aef978c23631d30536, type: 2}
      propertyPath: m_LocalPosition.y
      value: 0
      objectReference: {fileID: 0}
    - target: {fileID: 4015720240731182, guid: f80ce74339ca64aef978c23631d30536, type: 2}
      propertyPath: m_LocalPosition.z
      value: -1.37
      objectReference: {fileID: 0}
    - target: {fileID: 4015720240731182, guid: f80ce74339ca64aef978c23631d30536, type: 2}
      propertyPath: m_LocalRotation.x
      value: -0
      objectReference: {fileID: 0}
    - target: {fileID: 4015720240731182, guid: f80ce74339ca64aef978c23631d30536, type: 2}
      propertyPath: m_LocalRotation.y
      value: 0.7071068
      objectReference: {fileID: 0}
    - target: {fileID: 4015720240731182, guid: f80ce74339ca64aef978c23631d30536, type: 2}
      propertyPath: m_LocalRotation.z
      value: -0
      objectReference: {fileID: 0}
    - target: {fileID: 4015720240731182, guid: f80ce74339ca64aef978c23631d30536, type: 2}
      propertyPath: m_LocalRotation.w
      value: 0.7071068
      objectReference: {fileID: 0}
    - target: {fileID: 4015720240731182, guid: f80ce74339ca64aef978c23631d30536, type: 2}
      propertyPath: m_RootOrder
      value: 0
      objectReference: {fileID: 0}
    - target: {fileID: 114132266486070942, guid: f80ce74339ca64aef978c23631d30536,
        type: 2}
      propertyPath: whiteOutImage
      value: 
      objectReference: {fileID: 925569593}
    m_RemovedComponents: []
  m_ParentPrefab: {fileID: 100100000, guid: f80ce74339ca64aef978c23631d30536, type: 2}
  m_IsPrefabParent: 0
--- !u!1001 &1013215713
Prefab:
  m_ObjectHideFlags: 0
  serializedVersion: 2
  m_Modification:
    m_TransformParent: {fileID: 1667407245}
    m_Modifications:
    - target: {fileID: 4745832461577364, guid: affbfcd319a134e26a33fa4b08d43ef0, type: 2}
      propertyPath: m_LocalPosition.x
      value: -0.33072633
      objectReference: {fileID: 0}
    - target: {fileID: 4745832461577364, guid: affbfcd319a134e26a33fa4b08d43ef0, type: 2}
      propertyPath: m_LocalPosition.y
      value: -1.290921
      objectReference: {fileID: 0}
    - target: {fileID: 4745832461577364, guid: affbfcd319a134e26a33fa4b08d43ef0, type: 2}
      propertyPath: m_LocalPosition.z
      value: -6.1341534
      objectReference: {fileID: 0}
    - target: {fileID: 4745832461577364, guid: affbfcd319a134e26a33fa4b08d43ef0, type: 2}
      propertyPath: m_LocalRotation.x
      value: -0
      objectReference: {fileID: 0}
    - target: {fileID: 4745832461577364, guid: affbfcd319a134e26a33fa4b08d43ef0, type: 2}
      propertyPath: m_LocalRotation.y
      value: -0
      objectReference: {fileID: 0}
    - target: {fileID: 4745832461577364, guid: affbfcd319a134e26a33fa4b08d43ef0, type: 2}
      propertyPath: m_LocalRotation.z
      value: -0
      objectReference: {fileID: 0}
    - target: {fileID: 4745832461577364, guid: affbfcd319a134e26a33fa4b08d43ef0, type: 2}
      propertyPath: m_LocalRotation.w
      value: 1
      objectReference: {fileID: 0}
    - target: {fileID: 4745832461577364, guid: affbfcd319a134e26a33fa4b08d43ef0, type: 2}
      propertyPath: m_RootOrder
      value: 0
      objectReference: {fileID: 0}
    m_RemovedComponents: []
  m_ParentPrefab: {fileID: 100100000, guid: affbfcd319a134e26a33fa4b08d43ef0, type: 2}
  m_IsPrefabParent: 0
--- !u!4 &1013215714 stripped
Transform:
  m_PrefabParentObject: {fileID: 4745832461577364, guid: affbfcd319a134e26a33fa4b08d43ef0,
    type: 2}
  m_PrefabInternal: {fileID: 1013215713}
--- !u!1 &1015292985
GameObject:
  m_ObjectHideFlags: 0
  m_PrefabParentObject: {fileID: 0}
  m_PrefabInternal: {fileID: 0}
  serializedVersion: 5
  m_Component:
  - component: {fileID: 1015292986}
  - component: {fileID: 1015292987}
  - component: {fileID: 1015292988}
  m_Layer: 0
  m_Name: PlatformCollider
  m_TagString: Untagged
  m_Icon: {fileID: 0}
  m_NavMeshLayer: 0
  m_StaticEditorFlags: 0
  m_IsActive: 1
--- !u!4 &1015292986
Transform:
  m_ObjectHideFlags: 0
  m_PrefabParentObject: {fileID: 0}
  m_PrefabInternal: {fileID: 0}
  m_GameObject: {fileID: 1015292985}
  m_LocalRotation: {x: 0, y: 0, z: 0, w: 1}
  m_LocalPosition: {x: -0.35, y: -0.76, z: -6.15}
  m_LocalScale: {x: 1, y: 1, z: 1}
  m_Children: []
  m_Father: {fileID: 1409968060}
  m_RootOrder: 2
  m_LocalEulerAnglesHint: {x: 0, y: 0, z: 0}
--- !u!65 &1015292987
BoxCollider:
  m_ObjectHideFlags: 0
  m_PrefabParentObject: {fileID: 0}
  m_PrefabInternal: {fileID: 0}
  m_GameObject: {fileID: 1015292985}
  m_Material: {fileID: 0}
  m_IsTrigger: 1
  m_Enabled: 1
  serializedVersion: 2
  m_Size: {x: 2.68, y: 0.54, z: 2.61}
  m_Center: {x: 0, y: 0, z: 0}
--- !u!114 &1015292988
MonoBehaviour:
  m_ObjectHideFlags: 0
  m_PrefabParentObject: {fileID: 0}
  m_PrefabInternal: {fileID: 0}
  m_GameObject: {fileID: 1015292985}
  m_Enabled: 1
  m_EditorHideFlags: 0
  m_Script: {fileID: 11500000, guid: fa46ffff8eb66f04681b7e7695a121dc, type: 3}
  m_Name: 
  m_EditorClassIdentifier: 
  tc: {fileID: 1655359708}
--- !u!4 &1022190393 stripped
Transform:
  m_PrefabParentObject: {fileID: 4423707348272340, guid: bcdfc8a9b834b0b4ab51a8172647cf41,
    type: 2}
  m_PrefabInternal: {fileID: 1788395554}
--- !u!1001 &1027062236
Prefab:
  m_ObjectHideFlags: 0
  serializedVersion: 2
  m_Modification:
    m_TransformParent: {fileID: 1313779921}
    m_Modifications:
    - target: {fileID: 4655944178786096, guid: 3389b7b02d14b4c4480ba7c4821a885e, type: 2}
      propertyPath: m_LocalPosition.x
      value: 0.009
      objectReference: {fileID: 0}
    - target: {fileID: 4655944178786096, guid: 3389b7b02d14b4c4480ba7c4821a885e, type: 2}
      propertyPath: m_LocalPosition.y
      value: 0.0001000005
      objectReference: {fileID: 0}
    - target: {fileID: 4655944178786096, guid: 3389b7b02d14b4c4480ba7c4821a885e, type: 2}
      propertyPath: m_LocalPosition.z
      value: 0.44000006
      objectReference: {fileID: 0}
    - target: {fileID: 4655944178786096, guid: 3389b7b02d14b4c4480ba7c4821a885e, type: 2}
      propertyPath: m_LocalRotation.x
      value: -0.5
      objectReference: {fileID: 0}
    - target: {fileID: 4655944178786096, guid: 3389b7b02d14b4c4480ba7c4821a885e, type: 2}
      propertyPath: m_LocalRotation.y
      value: 0.5
      objectReference: {fileID: 0}
    - target: {fileID: 4655944178786096, guid: 3389b7b02d14b4c4480ba7c4821a885e, type: 2}
      propertyPath: m_LocalRotation.z
      value: -0.5
      objectReference: {fileID: 0}
    - target: {fileID: 4655944178786096, guid: 3389b7b02d14b4c4480ba7c4821a885e, type: 2}
      propertyPath: m_LocalRotation.w
      value: 0.5
      objectReference: {fileID: 0}
    - target: {fileID: 4655944178786096, guid: 3389b7b02d14b4c4480ba7c4821a885e, type: 2}
      propertyPath: m_RootOrder
      value: 1
      objectReference: {fileID: 0}
    - target: {fileID: 4655944178786096, guid: 3389b7b02d14b4c4480ba7c4821a885e, type: 2}
      propertyPath: m_LocalEulerAnglesHint.y
      value: 90
      objectReference: {fileID: 0}
    - target: {fileID: 4655944178786096, guid: 3389b7b02d14b4c4480ba7c4821a885e, type: 2}
      propertyPath: m_LocalScale.x
      value: 0.010000004
      objectReference: {fileID: 0}
    - target: {fileID: 4655944178786096, guid: 3389b7b02d14b4c4480ba7c4821a885e, type: 2}
      propertyPath: m_LocalScale.y
      value: 1
      objectReference: {fileID: 0}
    - target: {fileID: 4655944178786096, guid: 3389b7b02d14b4c4480ba7c4821a885e, type: 2}
      propertyPath: m_LocalScale.z
      value: 0.0100000035
      objectReference: {fileID: 0}
    m_RemovedComponents: []
  m_ParentPrefab: {fileID: 100100000, guid: 3389b7b02d14b4c4480ba7c4821a885e, type: 2}
  m_IsPrefabParent: 0
--- !u!4 &1196628366 stripped
Transform:
  m_PrefabParentObject: {fileID: 4546713264463026, guid: 81a29dceeb56c68449810e281734bde4,
    type: 2}
  m_PrefabInternal: {fileID: 1777962665}
--- !u!1001 &1282379600
Prefab:
  m_ObjectHideFlags: 0
  serializedVersion: 2
  m_Modification:
    m_TransformParent: {fileID: 0}
    m_Modifications:
    - target: {fileID: 224183208733260000, guid: 5463f77abbce7cf4e917c994258c38e6,
        type: 2}
      propertyPath: m_LocalPosition.x
      value: 0
      objectReference: {fileID: 0}
    - target: {fileID: 224183208733260000, guid: 5463f77abbce7cf4e917c994258c38e6,
        type: 2}
      propertyPath: m_LocalPosition.y
      value: 0
      objectReference: {fileID: 0}
    - target: {fileID: 224183208733260000, guid: 5463f77abbce7cf4e917c994258c38e6,
        type: 2}
      propertyPath: m_LocalPosition.z
      value: 0
      objectReference: {fileID: 0}
    - target: {fileID: 224183208733260000, guid: 5463f77abbce7cf4e917c994258c38e6,
        type: 2}
      propertyPath: m_LocalRotation.x
      value: 0
      objectReference: {fileID: 0}
    - target: {fileID: 224183208733260000, guid: 5463f77abbce7cf4e917c994258c38e6,
        type: 2}
      propertyPath: m_LocalRotation.y
      value: 0
      objectReference: {fileID: 0}
    - target: {fileID: 224183208733260000, guid: 5463f77abbce7cf4e917c994258c38e6,
        type: 2}
      propertyPath: m_LocalRotation.z
      value: 0
      objectReference: {fileID: 0}
    - target: {fileID: 224183208733260000, guid: 5463f77abbce7cf4e917c994258c38e6,
        type: 2}
      propertyPath: m_LocalRotation.w
      value: 1
      objectReference: {fileID: 0}
    - target: {fileID: 224183208733260000, guid: 5463f77abbce7cf4e917c994258c38e6,
        type: 2}
      propertyPath: m_RootOrder
      value: 0
      objectReference: {fileID: 0}
    - target: {fileID: 224183208733260000, guid: 5463f77abbce7cf4e917c994258c38e6,
        type: 2}
      propertyPath: m_AnchoredPosition.x
      value: 0
      objectReference: {fileID: 0}
    - target: {fileID: 224183208733260000, guid: 5463f77abbce7cf4e917c994258c38e6,
        type: 2}
      propertyPath: m_AnchoredPosition.y
      value: 0
      objectReference: {fileID: 0}
    - target: {fileID: 224183208733260000, guid: 5463f77abbce7cf4e917c994258c38e6,
        type: 2}
      propertyPath: m_SizeDelta.x
      value: 0
      objectReference: {fileID: 0}
    - target: {fileID: 224183208733260000, guid: 5463f77abbce7cf4e917c994258c38e6,
        type: 2}
      propertyPath: m_SizeDelta.y
      value: 0
      objectReference: {fileID: 0}
    - target: {fileID: 224183208733260000, guid: 5463f77abbce7cf4e917c994258c38e6,
        type: 2}
      propertyPath: m_AnchorMin.x
      value: 0
      objectReference: {fileID: 0}
    - target: {fileID: 224183208733260000, guid: 5463f77abbce7cf4e917c994258c38e6,
        type: 2}
      propertyPath: m_AnchorMin.y
      value: 0
      objectReference: {fileID: 0}
    - target: {fileID: 224183208733260000, guid: 5463f77abbce7cf4e917c994258c38e6,
        type: 2}
      propertyPath: m_AnchorMax.x
      value: 0
      objectReference: {fileID: 0}
    - target: {fileID: 224183208733260000, guid: 5463f77abbce7cf4e917c994258c38e6,
        type: 2}
      propertyPath: m_AnchorMax.y
      value: 0
      objectReference: {fileID: 0}
    - target: {fileID: 224183208733260000, guid: 5463f77abbce7cf4e917c994258c38e6,
        type: 2}
      propertyPath: m_Pivot.x
      value: 0
      objectReference: {fileID: 0}
    - target: {fileID: 224183208733260000, guid: 5463f77abbce7cf4e917c994258c38e6,
        type: 2}
      propertyPath: m_Pivot.y
      value: 0
      objectReference: {fileID: 0}
    - target: {fileID: 223920343992647352, guid: 5463f77abbce7cf4e917c994258c38e6,
        type: 2}
      propertyPath: m_Camera
      value: 
      objectReference: {fileID: 1298971049}
    - target: {fileID: 224554271462826518, guid: 5463f77abbce7cf4e917c994258c38e6,
        type: 2}
      propertyPath: m_AnchorMax.y
      value: 1
      objectReference: {fileID: 0}
    - target: {fileID: 224354826554156594, guid: 5463f77abbce7cf4e917c994258c38e6,
        type: 2}
      propertyPath: m_AnchorMax.y
      value: 1
      objectReference: {fileID: 0}
    - target: {fileID: 114559212957233582, guid: 5463f77abbce7cf4e917c994258c38e6,
        type: 2}
      propertyPath: nextSceneIndex
      value: 2
      objectReference: {fileID: 0}
    m_RemovedComponents: []
  m_ParentPrefab: {fileID: 100100000, guid: 5463f77abbce7cf4e917c994258c38e6, type: 2}
  m_IsPrefabParent: 0
--- !u!1 &1298971044
GameObject:
  m_ObjectHideFlags: 0
  m_PrefabParentObject: {fileID: 1431877922881706, guid: eb5752064482b431cb759b44460fc776,
    type: 2}
  m_PrefabInternal: {fileID: 0}
  serializedVersion: 5
  m_Component:
  - component: {fileID: 1298971045}
  - component: {fileID: 1298971049}
  - component: {fileID: 1298971048}
  - component: {fileID: 1298971047}
  - component: {fileID: 1298971046}
  m_Layer: 0
  m_Name: Main Camera
  m_TagString: MainCamera
  m_Icon: {fileID: 0}
  m_NavMeshLayer: 0
  m_StaticEditorFlags: 0
  m_IsActive: 1
--- !u!4 &1298971045
Transform:
  m_ObjectHideFlags: 0
  m_PrefabParentObject: {fileID: 4231973511669192, guid: eb5752064482b431cb759b44460fc776,
    type: 2}
  m_PrefabInternal: {fileID: 0}
  m_GameObject: {fileID: 1298971044}
  m_LocalRotation: {x: 0, y: 0, z: 0, w: 1}
  m_LocalPosition: {x: 0, y: 0, z: -30}
  m_LocalScale: {x: 1, y: 1, z: 1}
  m_Children: []
  m_Father: {fileID: 652241178}
  m_RootOrder: 0
  m_LocalEulerAnglesHint: {x: 0, y: 0, z: 0}
--- !u!81 &1298971046
AudioListener:
  m_ObjectHideFlags: 0
  m_PrefabParentObject: {fileID: 81207374559809172, guid: eb5752064482b431cb759b44460fc776,
    type: 2}
  m_PrefabInternal: {fileID: 0}
  m_GameObject: {fileID: 1298971044}
  m_Enabled: 1
--- !u!124 &1298971047
Behaviour:
  m_ObjectHideFlags: 0
  m_PrefabParentObject: {fileID: 124809970319258634, guid: eb5752064482b431cb759b44460fc776,
    type: 2}
  m_PrefabInternal: {fileID: 0}
  m_GameObject: {fileID: 1298971044}
  m_Enabled: 1
--- !u!92 &1298971048
Behaviour:
  m_ObjectHideFlags: 0
  m_PrefabParentObject: {fileID: 92720107485430520, guid: eb5752064482b431cb759b44460fc776,
    type: 2}
  m_PrefabInternal: {fileID: 0}
  m_GameObject: {fileID: 1298971044}
  m_Enabled: 1
--- !u!20 &1298971049
Camera:
  m_ObjectHideFlags: 0
  m_PrefabParentObject: {fileID: 20301648794779682, guid: eb5752064482b431cb759b44460fc776,
    type: 2}
  m_PrefabInternal: {fileID: 0}
  m_GameObject: {fileID: 1298971044}
  m_Enabled: 1
  serializedVersion: 2
  m_ClearFlags: 2
  m_BackGroundColor: {r: 0, g: 0, b: 0, a: 0}
  m_NormalizedViewPortRect:
    serializedVersion: 2
    x: 0
    y: 0
    width: 1
    height: 1
  near clip plane: 0.3
  far clip plane: 1000
  field of view: 60
  orthographic: 1
  orthographic size: 3
  m_Depth: -1
  m_CullingMask:
    serializedVersion: 2
    m_Bits: 4294967295
  m_RenderingPath: -1
  m_TargetTexture: {fileID: 0}
  m_TargetDisplay: 0
  m_TargetEye: 3
  m_HDR: 0
  m_AllowMSAA: 1
  m_ForceIntoRT: 0
  m_OcclusionCulling: 1
  m_StereoConvergence: 10
  m_StereoSeparation: 0.022
  m_StereoMirrorMode: 0
--- !u!1001 &1309631124
Prefab:
  m_ObjectHideFlags: 0
  serializedVersion: 2
  m_Modification:
    m_TransformParent: {fileID: 1962419626}
    m_Modifications:
    - target: {fileID: 4194059986309396, guid: 2bb2c5c8316694eb28833be3069e67a2, type: 2}
      propertyPath: m_LocalPosition.x
      value: 0
      objectReference: {fileID: 0}
    - target: {fileID: 4194059986309396, guid: 2bb2c5c8316694eb28833be3069e67a2, type: 2}
      propertyPath: m_LocalPosition.y
      value: -0.45
      objectReference: {fileID: 0}
    - target: {fileID: 4194059986309396, guid: 2bb2c5c8316694eb28833be3069e67a2, type: 2}
      propertyPath: m_LocalPosition.z
      value: 1.8
      objectReference: {fileID: 0}
    - target: {fileID: 4194059986309396, guid: 2bb2c5c8316694eb28833be3069e67a2, type: 2}
      propertyPath: m_LocalRotation.x
      value: -0
      objectReference: {fileID: 0}
    - target: {fileID: 4194059986309396, guid: 2bb2c5c8316694eb28833be3069e67a2, type: 2}
      propertyPath: m_LocalRotation.y
      value: -0
      objectReference: {fileID: 0}
    - target: {fileID: 4194059986309396, guid: 2bb2c5c8316694eb28833be3069e67a2, type: 2}
      propertyPath: m_LocalRotation.z
      value: -0
      objectReference: {fileID: 0}
    - target: {fileID: 4194059986309396, guid: 2bb2c5c8316694eb28833be3069e67a2, type: 2}
      propertyPath: m_LocalRotation.w
      value: 1
      objectReference: {fileID: 0}
    - target: {fileID: 4194059986309396, guid: 2bb2c5c8316694eb28833be3069e67a2, type: 2}
      propertyPath: m_RootOrder
      value: 0
      objectReference: {fileID: 0}
    - target: {fileID: 4194059986309396, guid: 2bb2c5c8316694eb28833be3069e67a2, type: 2}
      propertyPath: m_LocalEulerAnglesHint.y
      value: 0
      objectReference: {fileID: 0}
    - target: {fileID: 1274960555645500, guid: 2bb2c5c8316694eb28833be3069e67a2, type: 2}
      propertyPath: m_StaticEditorFlags
      value: 4294967295
      objectReference: {fileID: 0}
    - target: {fileID: 1997975545414166, guid: 2bb2c5c8316694eb28833be3069e67a2, type: 2}
      propertyPath: m_StaticEditorFlags
      value: 4294967295
      objectReference: {fileID: 0}
    - target: {fileID: 1306601742238104, guid: 2bb2c5c8316694eb28833be3069e67a2, type: 2}
      propertyPath: m_StaticEditorFlags
      value: 4294967295
      objectReference: {fileID: 0}
    - target: {fileID: 1852687017564772, guid: 2bb2c5c8316694eb28833be3069e67a2, type: 2}
      propertyPath: m_StaticEditorFlags
      value: 4294967295
      objectReference: {fileID: 0}
    - target: {fileID: 1378441070551112, guid: 2bb2c5c8316694eb28833be3069e67a2, type: 2}
      propertyPath: m_StaticEditorFlags
      value: 4294967295
      objectReference: {fileID: 0}
    - target: {fileID: 1299303966155306, guid: 2bb2c5c8316694eb28833be3069e67a2, type: 2}
      propertyPath: m_StaticEditorFlags
      value: 4294967295
      objectReference: {fileID: 0}
    - target: {fileID: 1451486940750070, guid: 2bb2c5c8316694eb28833be3069e67a2, type: 2}
      propertyPath: m_StaticEditorFlags
      value: 4294967295
      objectReference: {fileID: 0}
    - target: {fileID: 1209050929923070, guid: 2bb2c5c8316694eb28833be3069e67a2, type: 2}
      propertyPath: m_StaticEditorFlags
      value: 4294967295
      objectReference: {fileID: 0}
    - target: {fileID: 1088565956857916, guid: 2bb2c5c8316694eb28833be3069e67a2, type: 2}
      propertyPath: m_StaticEditorFlags
      value: 4294967295
      objectReference: {fileID: 0}
    - target: {fileID: 1697685711556284, guid: 2bb2c5c8316694eb28833be3069e67a2, type: 2}
      propertyPath: m_StaticEditorFlags
      value: 4294967295
      objectReference: {fileID: 0}
    - target: {fileID: 1436188024594818, guid: 2bb2c5c8316694eb28833be3069e67a2, type: 2}
      propertyPath: m_StaticEditorFlags
      value: 4294967295
      objectReference: {fileID: 0}
    - target: {fileID: 1222676964263654, guid: 2bb2c5c8316694eb28833be3069e67a2, type: 2}
      propertyPath: m_StaticEditorFlags
      value: 4294967295
      objectReference: {fileID: 0}
    - target: {fileID: 1073800725044192, guid: 2bb2c5c8316694eb28833be3069e67a2, type: 2}
      propertyPath: m_StaticEditorFlags
      value: 4294967295
      objectReference: {fileID: 0}
    - target: {fileID: 1383849575830904, guid: 2bb2c5c8316694eb28833be3069e67a2, type: 2}
      propertyPath: m_StaticEditorFlags
      value: 4294967295
      objectReference: {fileID: 0}
    - target: {fileID: 1474827735764368, guid: 2bb2c5c8316694eb28833be3069e67a2, type: 2}
      propertyPath: m_StaticEditorFlags
      value: 4294967295
      objectReference: {fileID: 0}
    - target: {fileID: 1546826672511772, guid: 2bb2c5c8316694eb28833be3069e67a2, type: 2}
      propertyPath: m_StaticEditorFlags
      value: 4294967295
      objectReference: {fileID: 0}
    - target: {fileID: 1711149160784762, guid: 2bb2c5c8316694eb28833be3069e67a2, type: 2}
      propertyPath: m_StaticEditorFlags
      value: 4294967295
      objectReference: {fileID: 0}
    - target: {fileID: 1073252047590160, guid: 2bb2c5c8316694eb28833be3069e67a2, type: 2}
      propertyPath: m_StaticEditorFlags
      value: 4294967295
      objectReference: {fileID: 0}
    - target: {fileID: 1213472125466326, guid: 2bb2c5c8316694eb28833be3069e67a2, type: 2}
      propertyPath: m_StaticEditorFlags
      value: 4294967295
      objectReference: {fileID: 0}
    - target: {fileID: 1356618610026644, guid: 2bb2c5c8316694eb28833be3069e67a2, type: 2}
      propertyPath: m_StaticEditorFlags
      value: 4294967295
      objectReference: {fileID: 0}
    - target: {fileID: 1666084212727402, guid: 2bb2c5c8316694eb28833be3069e67a2, type: 2}
      propertyPath: m_StaticEditorFlags
      value: 4294967295
      objectReference: {fileID: 0}
    - target: {fileID: 1207042586100512, guid: 2bb2c5c8316694eb28833be3069e67a2, type: 2}
      propertyPath: m_StaticEditorFlags
      value: 4294967295
      objectReference: {fileID: 0}
    - target: {fileID: 1724319088568016, guid: 2bb2c5c8316694eb28833be3069e67a2, type: 2}
      propertyPath: m_StaticEditorFlags
      value: 4294967295
      objectReference: {fileID: 0}
    - target: {fileID: 1243204264149188, guid: 2bb2c5c8316694eb28833be3069e67a2, type: 2}
      propertyPath: m_StaticEditorFlags
      value: 4294967295
      objectReference: {fileID: 0}
    - target: {fileID: 1787833019236510, guid: 2bb2c5c8316694eb28833be3069e67a2, type: 2}
      propertyPath: m_StaticEditorFlags
      value: 4294967295
      objectReference: {fileID: 0}
    - target: {fileID: 1855053434189658, guid: 2bb2c5c8316694eb28833be3069e67a2, type: 2}
      propertyPath: m_StaticEditorFlags
      value: 4294967295
      objectReference: {fileID: 0}
    - target: {fileID: 1165610279938020, guid: 2bb2c5c8316694eb28833be3069e67a2, type: 2}
      propertyPath: m_StaticEditorFlags
      value: 4294967295
      objectReference: {fileID: 0}
    - target: {fileID: 1425523906786726, guid: 2bb2c5c8316694eb28833be3069e67a2, type: 2}
      propertyPath: m_StaticEditorFlags
      value: 4294967295
      objectReference: {fileID: 0}
    - target: {fileID: 1878319551327416, guid: 2bb2c5c8316694eb28833be3069e67a2, type: 2}
      propertyPath: m_StaticEditorFlags
      value: 4294967295
      objectReference: {fileID: 0}
    - target: {fileID: 1898577738626192, guid: 2bb2c5c8316694eb28833be3069e67a2, type: 2}
      propertyPath: m_StaticEditorFlags
      value: 4294967295
      objectReference: {fileID: 0}
    - target: {fileID: 1642520847678346, guid: 2bb2c5c8316694eb28833be3069e67a2, type: 2}
      propertyPath: m_StaticEditorFlags
      value: 4294967295
      objectReference: {fileID: 0}
    m_RemovedComponents: []
  m_ParentPrefab: {fileID: 100100000, guid: 2bb2c5c8316694eb28833be3069e67a2, type: 2}
  m_IsPrefabParent: 0
--- !u!1 &1313779920
GameObject:
  m_ObjectHideFlags: 0
  m_PrefabParentObject: {fileID: 1279956696460140, guid: eb5752064482b431cb759b44460fc776,
    type: 2}
  m_PrefabInternal: {fileID: 0}
  serializedVersion: 5
  m_Component:
  - component: {fileID: 1313779921}
  - component: {fileID: 1313779924}
  - component: {fileID: 1313779923}
  - component: {fileID: 1313779922}
  m_Layer: 8
  m_Name: Floor
  m_TagString: ClickTestFloor
  m_Icon: {fileID: 0}
  m_NavMeshLayer: 0
  m_StaticEditorFlags: 4294967295
  m_IsActive: 1
--- !u!4 &1313779921
Transform:
  m_ObjectHideFlags: 0
  m_PrefabParentObject: {fileID: 4733692896789016, guid: eb5752064482b431cb759b44460fc776,
    type: 2}
  m_PrefabInternal: {fileID: 0}
  m_GameObject: {fileID: 1313779920}
  m_LocalRotation: {x: 0.7071068, y: -0, z: -0, w: 0.7071068}
  m_LocalPosition: {x: 0, y: -0.01, z: 0}
  m_LocalScale: {x: 100, y: 100, z: 1}
  m_Children:
  - {fileID: 542073306}
  - {fileID: 1486112005}
  m_Father: {fileID: 2049554084}
  m_RootOrder: 1
  m_LocalEulerAnglesHint: {x: 90, y: 0, z: 0}
--- !u!64 &1313779922
MeshCollider:
  m_ObjectHideFlags: 0
  m_PrefabParentObject: {fileID: 64066181705847120, guid: eb5752064482b431cb759b44460fc776,
    type: 2}
  m_PrefabInternal: {fileID: 0}
  m_GameObject: {fileID: 1313779920}
  m_Material: {fileID: 0}
  m_IsTrigger: 0
  m_Enabled: 1
  serializedVersion: 2
  m_Convex: 0
  m_InflateMesh: 0
  m_SkinWidth: 0.01
  m_Mesh: {fileID: 10210, guid: 0000000000000000e000000000000000, type: 0}
--- !u!23 &1313779923
MeshRenderer:
  m_ObjectHideFlags: 0
  m_PrefabParentObject: {fileID: 23272784637564780, guid: eb5752064482b431cb759b44460fc776,
    type: 2}
  m_PrefabInternal: {fileID: 0}
  m_GameObject: {fileID: 1313779920}
  m_Enabled: 0
  m_CastShadows: 1
  m_ReceiveShadows: 1
  m_MotionVectors: 1
  m_LightProbeUsage: 1
  m_ReflectionProbeUsage: 1
  m_Materials:
  - {fileID: 10303, guid: 0000000000000000f000000000000000, type: 0}
  m_StaticBatchInfo:
    firstSubMesh: 0
    subMeshCount: 0
  m_StaticBatchRoot: {fileID: 0}
  m_ProbeAnchor: {fileID: 0}
  m_LightProbeVolumeOverride: {fileID: 0}
  m_ScaleInLightmap: 1
  m_PreserveUVs: 1
  m_IgnoreNormalsForChartDetection: 0
  m_ImportantGI: 0
  m_SelectedEditorRenderState: 3
  m_MinimumChartSize: 4
  m_AutoUVMaxDistance: 0.5
  m_AutoUVMaxAngle: 89
  m_LightmapParameters: {fileID: 0}
  m_SortingLayerID: 0
  m_SortingLayer: 0
  m_SortingOrder: 0
--- !u!33 &1313779924
MeshFilter:
  m_ObjectHideFlags: 0
  m_PrefabParentObject: {fileID: 33103676095445298, guid: eb5752064482b431cb759b44460fc776,
    type: 2}
  m_PrefabInternal: {fileID: 0}
  m_GameObject: {fileID: 1313779920}
  m_Mesh: {fileID: 10210, guid: 0000000000000000e000000000000000, type: 0}
--- !u!1 &1388323224
GameObject:
  m_ObjectHideFlags: 0
  m_PrefabParentObject: {fileID: 0}
  m_PrefabInternal: {fileID: 0}
  serializedVersion: 5
  m_Component:
  - component: {fileID: 1388323225}
  m_Layer: 0
  m_Name: TutorialObjects
  m_TagString: Untagged
  m_Icon: {fileID: 0}
  m_NavMeshLayer: 0
  m_StaticEditorFlags: 0
  m_IsActive: 1
--- !u!4 &1388323225
Transform:
  m_ObjectHideFlags: 0
  m_PrefabParentObject: {fileID: 0}
  m_PrefabInternal: {fileID: 0}
  m_GameObject: {fileID: 1388323224}
  m_LocalRotation: {x: -0, y: -0, z: -0, w: 1}
  m_LocalPosition: {x: -6.0802174, y: 0.09041506, z: -0.41688275}
  m_LocalScale: {x: 1, y: 1, z: 1}
  m_Children:
  - {fileID: 1409968060}
  - {fileID: 858649030}
  - {fileID: 1667407245}
  - {fileID: 1810824220}
  m_Father: {fileID: 543328373}
  m_RootOrder: 1
  m_LocalEulerAnglesHint: {x: 0, y: 0, z: 0}
--- !u!1 &1409968059
GameObject:
  m_ObjectHideFlags: 0
  m_PrefabParentObject: {fileID: 0}
  m_PrefabInternal: {fileID: 0}
  serializedVersion: 5
  m_Component:
  - component: {fileID: 1409968060}
  m_Layer: 0
  m_Name: ThrowPlatform
  m_TagString: Untagged
  m_Icon: {fileID: 0}
  m_NavMeshLayer: 0
  m_StaticEditorFlags: 0
  m_IsActive: 0
--- !u!4 &1409968060
Transform:
  m_ObjectHideFlags: 0
  m_PrefabParentObject: {fileID: 0}
  m_PrefabInternal: {fileID: 0}
  m_GameObject: {fileID: 1409968059}
  m_LocalRotation: {x: 0, y: 0, z: 0, w: 1}
  m_LocalPosition: {x: 0, y: 0, z: 0}
  m_LocalScale: {x: 1, y: 1, z: 1}
  m_Children:
  - {fileID: 586314325}
  - {fileID: 1700514199}
  - {fileID: 1015292986}
  m_Father: {fileID: 1388323225}
  m_RootOrder: 0
  m_LocalEulerAnglesHint: {x: 0, y: 0, z: 0}
--- !u!114 &1415750356 stripped
MonoBehaviour:
  m_PrefabParentObject: {fileID: 114877955209231688, guid: 5463f77abbce7cf4e917c994258c38e6,
    type: 2}
  m_PrefabInternal: {fileID: 1282379600}
  m_Script: {fileID: -765806418, guid: f70555f144d8491a825f0804e09c671c, type: 3}
--- !u!114 &1415750357 stripped
MonoBehaviour:
  m_PrefabParentObject: {fileID: 114066166163591794, guid: 5463f77abbce7cf4e917c994258c38e6,
    type: 2}
  m_PrefabInternal: {fileID: 1282379600}
  m_Script: {fileID: -765806418, guid: f70555f144d8491a825f0804e09c671c, type: 3}
--- !u!114 &1415750358 stripped
MonoBehaviour:
  m_PrefabParentObject: {fileID: 114476020371336218, guid: 5463f77abbce7cf4e917c994258c38e6,
    type: 2}
  m_PrefabInternal: {fileID: 1282379600}
  m_Script: {fileID: -765806418, guid: f70555f144d8491a825f0804e09c671c, type: 3}
--- !u!4 &1486112005 stripped
Transform:
  m_PrefabParentObject: {fileID: 4655944178786096, guid: 3389b7b02d14b4c4480ba7c4821a885e,
    type: 2}
  m_PrefabInternal: {fileID: 1027062236}
--- !u!1 &1655359707
GameObject:
  m_ObjectHideFlags: 0
  m_PrefabParentObject: {fileID: 0}
  m_PrefabInternal: {fileID: 0}
  serializedVersion: 5
  m_Component:
  - component: {fileID: 1655359709}
  - component: {fileID: 1655359708}
  m_Layer: 5
  m_Name: TutorialManager
  m_TagString: Untagged
  m_Icon: {fileID: 0}
  m_NavMeshLayer: 0
  m_StaticEditorFlags: 0
  m_IsActive: 1
--- !u!114 &1655359708
MonoBehaviour:
  m_ObjectHideFlags: 0
  m_PrefabParentObject: {fileID: 0}
  m_PrefabInternal: {fileID: 0}
  m_GameObject: {fileID: 1655359707}
  m_Enabled: 1
  m_EditorHideFlags: 0
  m_Script: {fileID: 11500000, guid: c613a8072d89d5f47b0cc71e1a43cab0, type: 3}
  m_Name: 
  m_EditorClassIdentifier: 
  continueButton: 101
  stage: 0
  player: {fileID: 220613911}
  soulCrystal: {fileID: 620651306}
  throwPlatform: {fileID: 1409968059}
  boxSpawner: {fileID: 858649029}
  boxPrefab: {fileID: 1447142823876320, guid: 7205014a8d4c6c34abc4cfd94cb5b6da, type: 2}
  boxHealPrefab: {fileID: 1447142823876320, guid: 0619b9bdcff344bd686a2c3efa1e03db,
    type: 2}
  numberofBoxes: 3
  numberofHealingBoxes: 2
  boxes: []
  checkpointPlatform: {fileID: 1667407244}
  checkpoint: {fileID: 1869138065}
  cheatBattier: {fileID: 749045914}
  gateWall: {fileID: 1810824221}
  gateParticles: {fileID: 2142275969}
  gateCollider: {fileID: 931247151}
--- !u!224 &1655359709
RectTransform:
  m_ObjectHideFlags: 0
  m_PrefabParentObject: {fileID: 0}
  m_PrefabInternal: {fileID: 0}
  m_GameObject: {fileID: 1655359707}
  m_LocalRotation: {x: -0, y: -0, z: -0, w: 1}
  m_LocalPosition: {x: 0, y: 0, z: -0.42103577}
  m_LocalScale: {x: 1, y: 1, z: 1}
  m_Children: []
  m_Father: {fileID: 543328373}
  m_RootOrder: 0
  m_LocalEulerAnglesHint: {x: 0, y: 0, z: 0}
  m_AnchorMin: {x: 0.5, y: 0.5}
  m_AnchorMax: {x: 0.5, y: 0.5}
  m_AnchoredPosition: {x: 903.4056, y: 278.24948}
  m_SizeDelta: {x: 100, y: 100}
  m_Pivot: {x: 0.5, y: 0.5}
--- !u!4 &1666996466 stripped
Transform:
  m_PrefabParentObject: {fileID: 4419547110216070, guid: 13218495f66c841a28c76698f2848a52,
    type: 2}
  m_PrefabInternal: {fileID: 2007260091}
--- !u!1 &1667407244
GameObject:
  m_ObjectHideFlags: 0
  m_PrefabParentObject: {fileID: 0}
  m_PrefabInternal: {fileID: 0}
  serializedVersion: 5
  m_Component:
  - component: {fileID: 1667407245}
  m_Layer: 0
  m_Name: CheckpointPlatform
  m_TagString: Untagged
  m_Icon: {fileID: 0}
  m_NavMeshLayer: 0
  m_StaticEditorFlags: 0
  m_IsActive: 0
--- !u!4 &1667407245
Transform:
  m_ObjectHideFlags: 0
  m_PrefabParentObject: {fileID: 0}
  m_PrefabInternal: {fileID: 0}
  m_GameObject: {fileID: 1667407244}
  m_LocalRotation: {x: -0, y: -0, z: -0, w: 1}
  m_LocalPosition: {x: 0, y: 0, z: 0}
  m_LocalScale: {x: 1, y: 1, z: 1}
  m_Children:
  - {fileID: 1013215714}
  - {fileID: 1869138062}
  m_Father: {fileID: 1388323225}
  m_RootOrder: 2
  m_LocalEulerAnglesHint: {x: 0, y: 0, z: 0}
--- !u!1 &1696696852
GameObject:
  m_ObjectHideFlags: 0
  m_PrefabParentObject: {fileID: 0}
  m_PrefabInternal: {fileID: 0}
  serializedVersion: 5
  m_Component:
  - component: {fileID: 1696696853}
  - component: {fileID: 1696696855}
  - component: {fileID: 1696696854}
  m_Layer: 0
  m_Name: FallProtection
  m_TagString: Untagged
  m_Icon: {fileID: 0}
  m_NavMeshLayer: 0
  m_StaticEditorFlags: 0
  m_IsActive: 1
--- !u!4 &1696696853
Transform:
  m_ObjectHideFlags: 0
  m_PrefabParentObject: {fileID: 0}
  m_PrefabInternal: {fileID: 0}
  m_GameObject: {fileID: 1696696852}
  m_LocalRotation: {x: 0, y: 0, z: 0, w: 1}
  m_LocalPosition: {x: -6.56, y: -2.51, z: 0}
  m_LocalScale: {x: 1, y: 1, z: 1}
  m_Children: []
  m_Father: {fileID: 543328373}
  m_RootOrder: 3
  m_LocalEulerAnglesHint: {x: 0, y: 0, z: 0}
--- !u!114 &1696696854
MonoBehaviour:
  m_ObjectHideFlags: 0
  m_PrefabParentObject: {fileID: 0}
  m_PrefabInternal: {fileID: 0}
  m_GameObject: {fileID: 1696696852}
  m_Enabled: 1
  m_EditorHideFlags: 0
  m_Script: {fileID: 11500000, guid: 888e6cb497292144c9320467cc28ce3f, type: 3}
  m_Name: 
  m_EditorClassIdentifier: 
  tc: {fileID: 1655359708}
--- !u!65 &1696696855
BoxCollider:
  m_ObjectHideFlags: 0
  m_PrefabParentObject: {fileID: 0}
  m_PrefabInternal: {fileID: 0}
  m_GameObject: {fileID: 1696696852}
  m_Material: {fileID: 0}
  m_IsTrigger: 1
  m_Enabled: 1
  serializedVersion: 2
  m_Size: {x: 48.03, y: 1, z: 23.42}
  m_Center: {x: 0, y: 0, z: 0}
--- !u!1 &1700514198
GameObject:
  m_ObjectHideFlags: 0
  m_PrefabParentObject: {fileID: 0}
  m_PrefabInternal: {fileID: 0}
  serializedVersion: 5
  m_Component:
  - component: {fileID: 1700514199}
  - component: {fileID: 1700514200}
  m_Layer: 0
  m_Name: PlatformLight
  m_TagString: Untagged
  m_Icon: {fileID: 0}
  m_NavMeshLayer: 0
  m_StaticEditorFlags: 0
  m_IsActive: 1
--- !u!4 &1700514199
Transform:
  m_ObjectHideFlags: 0
  m_PrefabParentObject: {fileID: 0}
  m_PrefabInternal: {fileID: 0}
  m_GameObject: {fileID: 1700514198}
  m_LocalRotation: {x: 0, y: 0, z: 0, w: 1}
  m_LocalPosition: {x: -0.31, y: -0.25, z: -6.21}
  m_LocalScale: {x: 1, y: 1, z: 1}
  m_Children: []
  m_Father: {fileID: 1409968060}
  m_RootOrder: 1
  m_LocalEulerAnglesHint: {x: 0, y: 0, z: 0}
--- !u!108 &1700514200
Light:
  m_ObjectHideFlags: 0
  m_PrefabParentObject: {fileID: 0}
  m_PrefabInternal: {fileID: 0}
  m_GameObject: {fileID: 1700514198}
  m_Enabled: 1
  serializedVersion: 8
  m_Type: 2
  m_Color: {r: 1, g: 0, b: 0, a: 1}
  m_Intensity: 4.2
  m_Range: 2.3
  m_SpotAngle: 30
  m_CookieSize: 10
  m_Shadows:
    m_Type: 0
    m_Resolution: -1
    m_CustomResolution: -1
    m_Strength: 1
    m_Bias: 0.05
    m_NormalBias: 0.4
    m_NearPlane: 0.2
  m_Cookie: {fileID: 0}
  m_DrawHalo: 0
  m_Flare: {fileID: 0}
  m_RenderMode: 0
  m_CullingMask:
    serializedVersion: 2
    m_Bits: 4294967295
  m_Lightmapping: 4
  m_AreaSize: {x: 1, y: 1}
  m_BounceIntensity: 1
  m_ColorTemperature: 6570
  m_UseColorTemperature: 0
  m_ShadowRadius: 0
  m_ShadowAngle: 0
--- !u!1001 &1777962665
Prefab:
  m_ObjectHideFlags: 0
  serializedVersion: 2
  m_Modification:
    m_TransformParent: {fileID: 0}
    m_Modifications:
    - target: {fileID: 4546713264463026, guid: 81a29dceeb56c68449810e281734bde4, type: 2}
      propertyPath: m_LocalPosition.x
      value: 1.226
      objectReference: {fileID: 0}
    - target: {fileID: 4546713264463026, guid: 81a29dceeb56c68449810e281734bde4, type: 2}
      propertyPath: m_LocalPosition.y
      value: 0.436
      objectReference: {fileID: 0}
    - target: {fileID: 4546713264463026, guid: 81a29dceeb56c68449810e281734bde4, type: 2}
      propertyPath: m_LocalPosition.z
      value: -1.27
      objectReference: {fileID: 0}
    - target: {fileID: 4546713264463026, guid: 81a29dceeb56c68449810e281734bde4, type: 2}
      propertyPath: m_LocalRotation.x
      value: 1
      objectReference: {fileID: 0}
    - target: {fileID: 4546713264463026, guid: 81a29dceeb56c68449810e281734bde4, type: 2}
      propertyPath: m_LocalRotation.y
      value: 0
      objectReference: {fileID: 0}
    - target: {fileID: 4546713264463026, guid: 81a29dceeb56c68449810e281734bde4, type: 2}
      propertyPath: m_LocalRotation.z
      value: 0
      objectReference: {fileID: 0}
    - target: {fileID: 4546713264463026, guid: 81a29dceeb56c68449810e281734bde4, type: 2}
      propertyPath: m_LocalRotation.w
      value: -6.123234e-17
      objectReference: {fileID: 0}
    - target: {fileID: 4546713264463026, guid: 81a29dceeb56c68449810e281734bde4, type: 2}
      propertyPath: m_RootOrder
      value: 6
      objectReference: {fileID: 0}
    - target: {fileID: 114656411055370146, guid: 81a29dceeb56c68449810e281734bde4,
        type: 2}
      propertyPath: healthIcons.Array.data[0]
      value: 
      objectReference: {fileID: 1415750358}
    - target: {fileID: 114656411055370146, guid: 81a29dceeb56c68449810e281734bde4,
        type: 2}
      propertyPath: healthIcons.Array.data[1]
      value: 
      objectReference: {fileID: 1415750357}
    - target: {fileID: 114656411055370146, guid: 81a29dceeb56c68449810e281734bde4,
        type: 2}
      propertyPath: healthIcons.Array.data[2]
      value: 
      objectReference: {fileID: 1415750356}
    - target: {fileID: 114656411055370146, guid: 81a29dceeb56c68449810e281734bde4,
        type: 2}
      propertyPath: respawningParticles
      value: 
      objectReference: {fileID: 1934870677}
    m_RemovedComponents: []
  m_ParentPrefab: {fileID: 100100000, guid: 81a29dceeb56c68449810e281734bde4, type: 2}
  m_IsPrefabParent: 0
--- !u!1001 &1788395554
Prefab:
  m_ObjectHideFlags: 0
  serializedVersion: 2
  m_Modification:
    m_TransformParent: {fileID: 0}
    m_Modifications:
    - target: {fileID: 4423707348272340, guid: bcdfc8a9b834b0b4ab51a8172647cf41, type: 2}
      propertyPath: m_LocalPosition.x
      value: 0
      objectReference: {fileID: 0}
    - target: {fileID: 4423707348272340, guid: bcdfc8a9b834b0b4ab51a8172647cf41, type: 2}
      propertyPath: m_LocalPosition.y
      value: 0
      objectReference: {fileID: 0}
    - target: {fileID: 4423707348272340, guid: bcdfc8a9b834b0b4ab51a8172647cf41, type: 2}
      propertyPath: m_LocalPosition.z
      value: -0.1
      objectReference: {fileID: 0}
    - target: {fileID: 4423707348272340, guid: bcdfc8a9b834b0b4ab51a8172647cf41, type: 2}
      propertyPath: m_LocalRotation.x
      value: 0
      objectReference: {fileID: 0}
    - target: {fileID: 4423707348272340, guid: bcdfc8a9b834b0b4ab51a8172647cf41, type: 2}
      propertyPath: m_LocalRotation.y
      value: 0
      objectReference: {fileID: 0}
    - target: {fileID: 4423707348272340, guid: bcdfc8a9b834b0b4ab51a8172647cf41, type: 2}
      propertyPath: m_LocalRotation.z
      value: 0
      objectReference: {fileID: 0}
    - target: {fileID: 4423707348272340, guid: bcdfc8a9b834b0b4ab51a8172647cf41, type: 2}
      propertyPath: m_LocalRotation.w
      value: 1
      objectReference: {fileID: 0}
    - target: {fileID: 4423707348272340, guid: bcdfc8a9b834b0b4ab51a8172647cf41, type: 2}
      propertyPath: m_RootOrder
      value: 7
      objectReference: {fileID: 0}
    - target: {fileID: 114836667652346456, guid: bcdfc8a9b834b0b4ab51a8172647cf41,
        type: 2}
      propertyPath: cursor
      value: 
      objectReference: {fileID: 361944194}
    m_RemovedComponents: []
  m_ParentPrefab: {fileID: 100100000, guid: bcdfc8a9b834b0b4ab51a8172647cf41, type: 2}
  m_IsPrefabParent: 0
--- !u!1001 &1810824219
Prefab:
  m_ObjectHideFlags: 0
  serializedVersion: 2
  m_Modification:
    m_TransformParent: {fileID: 1388323225}
    m_Modifications:
    - target: {fileID: 4194059986309396, guid: 2bb2c5c8316694eb28833be3069e67a2, type: 2}
      propertyPath: m_LocalPosition.x
      value: 4.4457817
      objectReference: {fileID: 0}
    - target: {fileID: 4194059986309396, guid: 2bb2c5c8316694eb28833be3069e67a2, type: 2}
      propertyPath: m_LocalPosition.y
      value: -1.290921
      objectReference: {fileID: 0}
    - target: {fileID: 4194059986309396, guid: 2bb2c5c8316694eb28833be3069e67a2, type: 2}
      propertyPath: m_LocalPosition.z
      value: -1.264153
      objectReference: {fileID: 0}
    - target: {fileID: 4194059986309396, guid: 2bb2c5c8316694eb28833be3069e67a2, type: 2}
      propertyPath: m_LocalRotation.x
      value: -0
      objectReference: {fileID: 0}
    - target: {fileID: 4194059986309396, guid: 2bb2c5c8316694eb28833be3069e67a2, type: 2}
      propertyPath: m_LocalRotation.y
      value: 0.7071068
      objectReference: {fileID: 0}
    - target: {fileID: 4194059986309396, guid: 2bb2c5c8316694eb28833be3069e67a2, type: 2}
      propertyPath: m_LocalRotation.z
      value: -0
      objectReference: {fileID: 0}
    - target: {fileID: 4194059986309396, guid: 2bb2c5c8316694eb28833be3069e67a2, type: 2}
      propertyPath: m_LocalRotation.w
      value: 0.7071068
      objectReference: {fileID: 0}
    - target: {fileID: 4194059986309396, guid: 2bb2c5c8316694eb28833be3069e67a2, type: 2}
      propertyPath: m_RootOrder
      value: 3
      objectReference: {fileID: 0}
    - target: {fileID: 4194059986309396, guid: 2bb2c5c8316694eb28833be3069e67a2, type: 2}
      propertyPath: m_LocalScale.x
      value: 1
      objectReference: {fileID: 0}
    - target: {fileID: 4194059986309396, guid: 2bb2c5c8316694eb28833be3069e67a2, type: 2}
      propertyPath: m_LocalScale.z
      value: 1
      objectReference: {fileID: 0}
    - target: {fileID: 1436188024594818, guid: 2bb2c5c8316694eb28833be3069e67a2, type: 2}
      propertyPath: m_Name
      value: GateWall
      objectReference: {fileID: 0}
    m_RemovedComponents: []
  m_ParentPrefab: {fileID: 100100000, guid: 2bb2c5c8316694eb28833be3069e67a2, type: 2}
  m_IsPrefabParent: 0
--- !u!4 &1810824220 stripped
Transform:
  m_PrefabParentObject: {fileID: 4194059986309396, guid: 2bb2c5c8316694eb28833be3069e67a2,
    type: 2}
  m_PrefabInternal: {fileID: 1810824219}
--- !u!1 &1810824221 stripped
GameObject:
  m_PrefabParentObject: {fileID: 1436188024594818, guid: 2bb2c5c8316694eb28833be3069e67a2,
    type: 2}
  m_PrefabInternal: {fileID: 1810824219}
--- !u!1001 &1869138061
Prefab:
  m_ObjectHideFlags: 0
  serializedVersion: 2
  m_Modification:
    m_TransformParent: {fileID: 1667407245}
    m_Modifications:
    - target: {fileID: 4872841871042428, guid: 2d85589ca5e304072b7b9aebb1b3ee70, type: 2}
      propertyPath: m_LocalPosition.x
      value: -0.408
      objectReference: {fileID: 0}
    - target: {fileID: 4872841871042428, guid: 2d85589ca5e304072b7b9aebb1b3ee70, type: 2}
      propertyPath: m_LocalPosition.y
      value: -0.87
      objectReference: {fileID: 0}
    - target: {fileID: 4872841871042428, guid: 2d85589ca5e304072b7b9aebb1b3ee70, type: 2}
      propertyPath: m_LocalPosition.z
      value: -6.19
      objectReference: {fileID: 0}
    - target: {fileID: 4872841871042428, guid: 2d85589ca5e304072b7b9aebb1b3ee70, type: 2}
      propertyPath: m_LocalRotation.x
      value: -0
      objectReference: {fileID: 0}
    - target: {fileID: 4872841871042428, guid: 2d85589ca5e304072b7b9aebb1b3ee70, type: 2}
      propertyPath: m_LocalRotation.y
      value: -0
      objectReference: {fileID: 0}
    - target: {fileID: 4872841871042428, guid: 2d85589ca5e304072b7b9aebb1b3ee70, type: 2}
      propertyPath: m_LocalRotation.z
      value: -0
      objectReference: {fileID: 0}
    - target: {fileID: 4872841871042428, guid: 2d85589ca5e304072b7b9aebb1b3ee70, type: 2}
      propertyPath: m_LocalRotation.w
      value: 1
      objectReference: {fileID: 0}
    - target: {fileID: 4872841871042428, guid: 2d85589ca5e304072b7b9aebb1b3ee70, type: 2}
      propertyPath: m_RootOrder
      value: 1
      objectReference: {fileID: 0}
    m_RemovedComponents: []
  m_ParentPrefab: {fileID: 100100000, guid: 2d85589ca5e304072b7b9aebb1b3ee70, type: 2}
  m_IsPrefabParent: 0
--- !u!4 &1869138062 stripped
Transform:
  m_PrefabParentObject: {fileID: 4872841871042428, guid: 2d85589ca5e304072b7b9aebb1b3ee70,
    type: 2}
  m_PrefabInternal: {fileID: 1869138061}
--- !u!114 &1869138065 stripped
MonoBehaviour:
  m_PrefabParentObject: {fileID: 114981114335849204, guid: 2d85589ca5e304072b7b9aebb1b3ee70,
    type: 2}
  m_PrefabInternal: {fileID: 1869138061}
  m_Script: {fileID: 11500000, guid: 29b3823b47a2f46b886c51f17344c71b, type: 3}
--- !u!4 &1889848997 stripped
Transform:
  m_PrefabParentObject: {fileID: 4419547110216070, guid: 3bf61b91e9b114c0e807a00ab461d798,
    type: 2}
  m_PrefabInternal: {fileID: 2099222351}
--- !u!1 &1934870677 stripped
GameObject:
  m_PrefabParentObject: {fileID: 1904725841822728, guid: bcdfc8a9b834b0b4ab51a8172647cf41,
    type: 2}
  m_PrefabInternal: {fileID: 1788395554}
--- !u!1 &1962419625
GameObject:
  m_ObjectHideFlags: 0
  m_PrefabParentObject: {fileID: 1312130468708736, guid: eb5752064482b431cb759b44460fc776,
    type: 2}
  m_PrefabInternal: {fileID: 0}
  serializedVersion: 5
  m_Component:
  - component: {fileID: 1962419626}
  m_Layer: 12
  m_Name: Walls
  m_TagString: Untagged
  m_Icon: {fileID: 0}
  m_NavMeshLayer: 0
  m_StaticEditorFlags: 4294967295
  m_IsActive: 1
--- !u!4 &1962419626
Transform:
  m_ObjectHideFlags: 0
  m_PrefabParentObject: {fileID: 4092334478999560, guid: eb5752064482b431cb759b44460fc776,
    type: 2}
  m_PrefabInternal: {fileID: 0}
  m_GameObject: {fileID: 1962419625}
  m_LocalRotation: {x: 0, y: 0, z: 0, w: 1}
  m_LocalPosition: {x: 0, y: 0, z: 0}
  m_LocalScale: {x: 1, y: 1, z: 1}
  m_Children:
  - {fileID: 2134811841}
  - {fileID: 1889848997}
  - {fileID: 491596123}
  - {fileID: 1666996466}
  m_Father: {fileID: 2049554084}
  m_RootOrder: 2
  m_LocalEulerAnglesHint: {x: 0, y: 0, z: 0}
--- !u!1001 &2007260091
Prefab:
  m_ObjectHideFlags: 0
  serializedVersion: 2
  m_Modification:
    m_TransformParent: {fileID: 1962419626}
    m_Modifications:
    - target: {fileID: 4419547110216070, guid: 13218495f66c841a28c76698f2848a52, type: 2}
      propertyPath: m_LocalPosition.x
      value: 3.67
      objectReference: {fileID: 0}
    - target: {fileID: 4419547110216070, guid: 13218495f66c841a28c76698f2848a52, type: 2}
      propertyPath: m_LocalPosition.y
      value: -0.44
      objectReference: {fileID: 0}
    - target: {fileID: 4419547110216070, guid: 13218495f66c841a28c76698f2848a52, type: 2}
      propertyPath: m_LocalPosition.z
      value: 1.803
      objectReference: {fileID: 0}
    - target: {fileID: 4419547110216070, guid: 13218495f66c841a28c76698f2848a52, type: 2}
      propertyPath: m_LocalRotation.x
      value: -0
      objectReference: {fileID: 0}
    - target: {fileID: 4419547110216070, guid: 13218495f66c841a28c76698f2848a52, type: 2}
      propertyPath: m_LocalRotation.y
      value: -0
      objectReference: {fileID: 0}
    - target: {fileID: 4419547110216070, guid: 13218495f66c841a28c76698f2848a52, type: 2}
      propertyPath: m_LocalRotation.z
      value: -0
      objectReference: {fileID: 0}
    - target: {fileID: 4419547110216070, guid: 13218495f66c841a28c76698f2848a52, type: 2}
      propertyPath: m_LocalRotation.w
      value: 1
      objectReference: {fileID: 0}
    - target: {fileID: 4419547110216070, guid: 13218495f66c841a28c76698f2848a52, type: 2}
      propertyPath: m_RootOrder
      value: 3
      objectReference: {fileID: 0}
    - target: {fileID: 1112094725929042, guid: 13218495f66c841a28c76698f2848a52, type: 2}
      propertyPath: m_Name
      value: fbBrickPlain1_1
      objectReference: {fileID: 0}
    m_RemovedComponents: []
  m_ParentPrefab: {fileID: 100100000, guid: 13218495f66c841a28c76698f2848a52, type: 2}
  m_IsPrefabParent: 0
--- !u!1 &2049554083
GameObject:
  m_ObjectHideFlags: 0
  m_PrefabParentObject: {fileID: 1091745865393102, guid: eb5752064482b431cb759b44460fc776,
    type: 2}
  m_PrefabInternal: {fileID: 0}
  serializedVersion: 5
  m_Component:
  - component: {fileID: 2049554084}
  m_Layer: 0
  m_Name: Structure
  m_TagString: Untagged
  m_Icon: {fileID: 0}
  m_NavMeshLayer: 0
  m_StaticEditorFlags: 4294967295
  m_IsActive: 1
--- !u!4 &2049554084
Transform:
  m_ObjectHideFlags: 0
  m_PrefabParentObject: {fileID: 4486961311759316, guid: eb5752064482b431cb759b44460fc776,
    type: 2}
  m_PrefabInternal: {fileID: 0}
  m_GameObject: {fileID: 2049554083}
  m_LocalRotation: {x: -0, y: -0, z: -0, w: 1}
  m_LocalPosition: {x: 0, y: 0, z: 0}
  m_LocalScale: {x: 1, y: 1, z: 1}
  m_Children:
  - {fileID: 358873233}
  - {fileID: 1313779921}
  - {fileID: 1962419626}
  - {fileID: 215688213}
  m_Father: {fileID: 0}
  m_RootOrder: 4
  m_LocalEulerAnglesHint: {x: 0, y: 0, z: 0}
--- !u!1001 &2099222351
Prefab:
  m_ObjectHideFlags: 0
  serializedVersion: 2
  m_Modification:
    m_TransformParent: {fileID: 1962419626}
    m_Modifications:
    - target: {fileID: 4419547110216070, guid: 3bf61b91e9b114c0e807a00ab461d798, type: 2}
      propertyPath: m_LocalPosition.x
      value: -3.6
      objectReference: {fileID: 0}
    - target: {fileID: 4419547110216070, guid: 3bf61b91e9b114c0e807a00ab461d798, type: 2}
      propertyPath: m_LocalPosition.y
      value: -0.45
      objectReference: {fileID: 0}
    - target: {fileID: 4419547110216070, guid: 3bf61b91e9b114c0e807a00ab461d798, type: 2}
      propertyPath: m_LocalPosition.z
      value: 0
      objectReference: {fileID: 0}
    - target: {fileID: 4419547110216070, guid: 3bf61b91e9b114c0e807a00ab461d798, type: 2}
      propertyPath: m_LocalRotation.x
      value: -0
      objectReference: {fileID: 0}
    - target: {fileID: 4419547110216070, guid: 3bf61b91e9b114c0e807a00ab461d798, type: 2}
      propertyPath: m_LocalRotation.y
      value: 0.7071068
      objectReference: {fileID: 0}
    - target: {fileID: 4419547110216070, guid: 3bf61b91e9b114c0e807a00ab461d798, type: 2}
      propertyPath: m_LocalRotation.z
      value: -0
      objectReference: {fileID: 0}
    - target: {fileID: 4419547110216070, guid: 3bf61b91e9b114c0e807a00ab461d798, type: 2}
      propertyPath: m_LocalRotation.w
      value: 0.7071068
      objectReference: {fileID: 0}
    - target: {fileID: 4419547110216070, guid: 3bf61b91e9b114c0e807a00ab461d798, type: 2}
      propertyPath: m_RootOrder
      value: 1
      objectReference: {fileID: 0}
    - target: {fileID: 4419547110216070, guid: 3bf61b91e9b114c0e807a00ab461d798, type: 2}
      propertyPath: m_LocalScale.x
      value: 1
      objectReference: {fileID: 0}
    - target: {fileID: 4419547110216070, guid: 3bf61b91e9b114c0e807a00ab461d798, type: 2}
      propertyPath: m_LocalScale.z
      value: 1
      objectReference: {fileID: 0}
    - target: {fileID: 1273763741794642, guid: 3bf61b91e9b114c0e807a00ab461d798, type: 2}
      propertyPath: m_StaticEditorFlags
      value: 4294967295
      objectReference: {fileID: 0}
    - target: {fileID: 1101679273565350, guid: 3bf61b91e9b114c0e807a00ab461d798, type: 2}
      propertyPath: m_StaticEditorFlags
      value: 4294967295
      objectReference: {fileID: 0}
    - target: {fileID: 1003953706423042, guid: 3bf61b91e9b114c0e807a00ab461d798, type: 2}
      propertyPath: m_StaticEditorFlags
      value: 4294967295
      objectReference: {fileID: 0}
    - target: {fileID: 1203058843874290, guid: 3bf61b91e9b114c0e807a00ab461d798, type: 2}
      propertyPath: m_StaticEditorFlags
      value: 4294967295
      objectReference: {fileID: 0}
    - target: {fileID: 1262603682321746, guid: 3bf61b91e9b114c0e807a00ab461d798, type: 2}
      propertyPath: m_StaticEditorFlags
      value: 4294967295
      objectReference: {fileID: 0}
    - target: {fileID: 1286116863593168, guid: 3bf61b91e9b114c0e807a00ab461d798, type: 2}
      propertyPath: m_StaticEditorFlags
      value: 4294967295
      objectReference: {fileID: 0}
    - target: {fileID: 1158860828907432, guid: 3bf61b91e9b114c0e807a00ab461d798, type: 2}
      propertyPath: m_StaticEditorFlags
      value: 4294967295
      objectReference: {fileID: 0}
    - target: {fileID: 1916866349682214, guid: 3bf61b91e9b114c0e807a00ab461d798, type: 2}
      propertyPath: m_StaticEditorFlags
      value: 4294967295
      objectReference: {fileID: 0}
    - target: {fileID: 1744710729421884, guid: 3bf61b91e9b114c0e807a00ab461d798, type: 2}
      propertyPath: m_StaticEditorFlags
      value: 4294967295
      objectReference: {fileID: 0}
    - target: {fileID: 1112094725929042, guid: 3bf61b91e9b114c0e807a00ab461d798, type: 2}
      propertyPath: m_StaticEditorFlags
      value: 4294967295
      objectReference: {fileID: 0}
    m_RemovedComponents: []
  m_ParentPrefab: {fileID: 100100000, guid: 3bf61b91e9b114c0e807a00ab461d798, type: 2}
  m_IsPrefabParent: 0
--- !u!4 &2134811841 stripped
Transform:
  m_PrefabParentObject: {fileID: 4194059986309396, guid: 2bb2c5c8316694eb28833be3069e67a2,
    type: 2}
  m_PrefabInternal: {fileID: 1309631124}
--- !u!1 &2142275969 stripped
GameObject:
  m_PrefabParentObject: {fileID: 1619578384137318, guid: f80ce74339ca64aef978c23631d30536,
    type: 2}
  m_PrefabInternal: {fileID: 975331901}
